@article{adfes,
  title={Moving faces, looking places: Validation of the Amsterdam Dynamic Facial Expression Set (ADFES)},
  author={van der Schalk, Job and Hawk, Skyler T. and Fischer, Agneta H. and Doosje, Bertjan},
  journal={Emotion},
  volume={11},
  number={4},
  pages={907--920},
  year={2011},
  doi={10.1037/a0023853},
}

@misc{numpy,
  title = {NumPy},
  author = {{NumPy Development Team}},
  year = {2024},
  url = {https://numpy.org/}
}

@misc{pandas,
  title = {pandas},
  author = {{NumFOCUS, Inc.}},
  year = {2024},
  url = {https://pandas.pydata.org/}
}

@misc{matplotlib,
  title = {matplotlib},
  author = {{Matplotlib Development Team}},
  year = {2024},
  url = {https://matplotlib.org/}
}

@misc{scikit-learn,
  title = {scikit-learn},
  author = {{scikit-learn Development Team}},
  year = {2024},
  url = {https://scikit-learn.org/stable/}
}

@article{maharana2022review,
  title={A review: Data pre-processing and data augmentation techniques},
  author={Maharana, Kiran and Mondal, Surajit and Nemade, Bhushankumar},
  journal={Global Transitions Proceedings},
  volume={3},
  number={1},
  pages={91--99},
  year={2022},
  publisher={Elsevier}
}

@misc{zou2018ai,
  title={AI can be sexist and racist—it's time to make it fair},
  author={Zou, James and Schiebinger, Londa},
  year={2018},
  publisher={Nature Publishing Group UK London}
}

@article{mangasarian2005multisurface,
  title={Multisurface proximal support vector machine classification via generalized eigenvalues},
  author={Mangasarian, Olvi L and Wild, Edward W},
  journal={IEEE transactions on pattern analysis and machine intelligence},
  volume={28},
  number={1},
  pages={69--74},
  year={2005},
  publisher={IEEE}
}

@inproceedings{alvarez2009alzheimer,
  title={Alzheimer's diagnosis using eigenbrains and support vector machines},
  author={Alvarez, Ignacio and G{\'o}rriz, Juan Manuel and Ram{\'\i}rez, Javier and Salas-Gonzalez, Diego and L{\'o}pez, M{\'\i}riam and Segovia, Ferm{\'\i}n and Puntonet, Carlos Garc{\'\i}a and Prieto, Beatriz},
  booktitle={Bio-Inspired Systems: Computational and Ambient Intelligence: 10th International Work-Conference on Artificial Neural Networks, IWANN 2009, Salamanca, Spain, June 10-12, 2009. Proceedings, Part I 10},
  pages={973--980},
  year={2009},
  organization={Springer}
}

@article{melivsek2008support,
  title={Support vector machines, PCA and LDA in face recognition},
  author={Meli{\v{s}}ek, J{\'a}n Mazanec—Martin and Pavlovicov{\'a}, Milo{\v{s}} Oravec—Jarmila},
  journal={J. Electr. Eng},
  volume={59},
  number={203-209},
  pages={1},
  year={2008}
}

@article{halko2011finding,
  title={Finding structure with randomness: Probabilistic algorithms for constructing approximate matrix decompositions},
  author={Halko, Nathan and Martinsson, Per-Gunnar and Tropp, Joel A},
  journal={SIAM review},
  volume={53},
  number={2},
  pages={217-288},
  year={2011},
  publisher={SIAM}
}

@ARTICLE{708428,
  author={Hearst, M.A. and Dumais, S.T. and Osuna, E. and Platt, J. and Scholkopf, B.},
  journal={IEEE Intelligent Systems and their Applications}, 
  title={Support vector machines}, 
  year={1998},
  volume={13},
  number={4},
  pages={18-28},
  keywords={Support vector machines;Machine learning;Algorithm design and analysis;Pattern recognition;Neural networks;Training data;Polynomials;Kernel;Character recognition;Web pages},
  doi={10.1109/5254.708428}}

@inproceedings{turk1991face,
  title={Face recognition using eigenfaces},
  author={Turk, Matthew A and Pentland, Alex P},
  booktitle={Proceedings. 1991 IEEE computer society conference on computer vision and pattern recognition},
  pages={586--587},
  year={1991},
  organization={IEEE Computer Society}
}

@article{abdi2010principal,
  title={Principal component analysis},
  author={Abdi, Herv{\'e} and Williams, Lynne J},
  journal={Wiley interdisciplinary reviews: computational statistics},
  volume={2},
  number={4},
  pages={433--459},
  year={2010},
  publisher={Wiley Online Library}
}

